<?xml version="1.0" encoding="UTF-8"?><collection xmlns="http://www.loc.gov/MARC21/slim"><record><leader>00455nam--2200157-i-4500</leader><controlfield tag="001">000012359</controlfield><controlfield tag="002">20161230</controlfield><controlfield tag="005">20170121223711</controlfield><controlfield tag="008">060222s1000------------r-----000-0-eng-d</controlfield><datafield ind1=" " ind2=" " tag="080"><subfield code="a">517(083.5)</subfield></datafield><datafield ind1="1" ind2="0" tag="100"><subfield code="a">Bartsch, Hans-Jochen</subfield></datafield><datafield ind1="1" ind2=" " tag="245"><subfield code="a">Handbook of mathematical formulas. Translation by Herbert Liebscher. With 353 illustrations</subfield></datafield><datafield ind1=" " ind2=" " tag="260"><subfield code="a">New York</subfield><subfield code="b">Academic Press</subfield><subfield code="c">1974</subfield></datafield><datafield ind1=" " ind2=" " tag="300"><subfield code="a">525 P</subfield></datafield><datafield ind1=" " ind2=" " tag="852"><subfield code="a">45317</subfield><subfield code="c">517</subfield></datafield><datafield ind1=" " ind2=" " tag="CAT"><subfield code="a">SYS</subfield><subfield code="c">20170121</subfield><subfield code="h">223711</subfield></datafield></record></collection>